@article {unkel:2012,
author = {Unkel, Steffen and Farrington, C. Paddy and Garthwaite, Paul H. and Robertson, Chris and Andrews, Nick},
title = {Statistical methods for the prospective detection of infectious disease outbreaks: a review},
journal = {JRYSS},
volume = {175},
number = {1},
year = {2012}}

@article{brossette1998association,
  title={Association Rules and Data Mining in Hospital Infection Control and Public Health Surveillance},
  author={Brossette, Stephen E and Sprague, Alan P and Hardin, J Michael and Waites, Ken B and Jones, Warren T and Moser, Stephen A},
  journal={Journal of the American Medical Informatics Association: JAMIA},
  volume={5},
  number={4},
  pages={373},
  year={1998},
  publisher={American Medical Informatics Association}
}

@article{steyvers2007probabilistic,
  title={Probabilistic topic models},
  author={Steyvers, Mark and Griffiths, Tom},
  journal={Handbook of latent semantic analysis},
  volume={427},
  number={7},
  pages={424--440},
  year={2007}
}

@inproceedings{Jagarlamudi:2012:ILP:2380816.2380844,
 author = {Jagarlamudi, Jagadeesh and Daum{\'e},III, Hal and Udupa, Raghavendra},
 title = {Incorporating Lexical Priors into Topic Models},
 booktitle = {Proceedings of the 13th Conference of the European Chapter of the Association for Computational Linguistics},
 series = {EACL '12},
 year = {2012},
 isbn = {978-1-937284-19-0},
 location = {Avignon, France},
 pages = {204--213},
 numpages = {10},
 url = {http://dl.acm.org/citation.cfm?id=2380816.2380844},
 acmid = {2380844},
 publisher = {Association for Computational Linguistics},
 address = {Stroudsburg, PA, USA},
} 


@article{Zhang:2014:DSM:2732977.2733001,
 author = {Zhang, Ce and R{\'e}, Christopher},
 title = {DimmWitted: A Study of Main-memory Statistical Analytics},
 journal = {Proc. VLDB Endow.},
 issue_date = {August 2014},
 volume = {7},
 number = {12},
 month = aug,
 year = {2014},
 issn = {2150-8097},
 pages = {1283--1294},
 numpages = {12},
 url = {http://dx.doi.org/10.14778/2732977.2733001},
 doi = {10.14778/2732977.2733001},
 acmid = {2733001},
 publisher = {VLDB Endowment},
} 

@incollection{NIPS2011_4390,
title = {Hogwild!: A Lock-Free Approach to Parallelizing Stochastic Gradient Descent},
author = {Recht, Benjamin and Re, Christopher and Wright, Stephen and Feng Niu},
booktitle = {Advances in Neural Information Processing Systems 24},
editor = {J. Shawe-Taylor and R. S. Zemel and P. L. Bartlett and F. Pereira and K. Q. Weinberger},
pages = {693--701},
year = {2011},
publisher = {Curran Associates, Inc.},
url = {http://papers.nips.cc/paper/4390-hogwild-a-lock-free-approach-to-parallelizing-stochastic-gradient-descent.pdf}
}


@inproceedings{Porteous:2008:FCG:1401890.1401960,
 author = {Porteous, Ian and Newman, David and Ihler, Alexander and Asuncion, Arthur and Smyth, Padhraic and Welling, Max},
 title = {Fast Collapsed Gibbs Sampling for Latent Dirichlet Allocation},
 booktitle = {Proceedings of the 14th ACM SIGKDD International Conference on Knowledge Discovery and Data Mining},
 series = {KDD '08},
 year = {2008},
 isbn = {978-1-60558-193-4},
 location = {Las Vegas, Nevada, USA},
 pages = {569--577},
 numpages = {9},
 url = {http://doi.acm.org/10.1145/1401890.1401960},
 doi = {10.1145/1401890.1401960},
 acmid = {1401960},
 publisher = {ACM},
 address = {New York, NY, USA},
 keywords = {latent dirichlet allocation, sampling},
} 


@article{Li:2016:STD:2897350.2897352,
 author = {Li, Yaliang and Gao, Jing and Meng, Chuishi and Li, Qi and Su, Lu and Zhao, Bo and Fan, Wei and Han, Jiawei},
 title = {A Survey on Truth Discovery},
 journal = {SIGKDD Explor. Newsl.},
 issue_date = {December 2015},
 volume = {17},
 number = {2},
 month = feb,
 year = {2016},
 issn = {1931-0145},
 pages = {1--16},
 numpages = {16},
 url = {http://doi.acm.org/10.1145/2897350.2897352},
 doi = {10.1145/2897350.2897352},
 acmid = {2897352},
 publisher = {ACM},
 address = {New York, NY, USA},
} 

@InProceedings{rekatsinas:cidr15,
  author       = "Rekatsinas, Theodoros and Dong, Xin Luna and Getoor, Lise and Srivastava, Divesh",
  title        = "Finding Quality in Quantity: The Challenge of Discovering Valuable Sources for Integration",
  booktitle    = "7th Biennial Conference on Innovative Data Systems Research (CIDR `15)",
  year         = "2015",
}

@inproceedings{Rekatsinas:2014:CSF:2588555.2610504,
 author = {Rekatsinas, Theodoros and Dong, Xin Luna and Srivastava, Divesh},
 title = {Characterizing and Selecting Fresh Data Sources},
 booktitle = {Proceedings of the 2014 ACM SIGMOD International Conference on Management of Data},
 series = {SIGMOD '14},
 year = {2014},
 isbn = {978-1-4503-2376-5},
 location = {Snowbird, Utah, USA},
 pages = {919--930},
 numpages = {12},
 url = {http://doi.acm.org/10.1145/2588555.2610504},
 doi = {10.1145/2588555.2610504},
 acmid = {2610504},
 publisher = {ACM},
 address = {New York, NY, USA},
 keywords = {data integration, dynamic data sources, source selection},
} 


@inproceedings{Qi:2013:MCI:2488388.2488479,
 author = {Qi, Guo-Jun and Aggarwal, Charu C. and Han, Jiawei and Huang, Thomas},
 title = {Mining Collective Intelligence in Diverse Groups},
 booktitle = {Proceedings of the 22Nd International Conference on World Wide Web},
 series = {WWW '13},
 year = {2013},
 isbn = {978-1-4503-2035-1},
 location = {Rio de Janeiro, Brazil},
 pages = {1041--1052},
 numpages = {12},
 url = {http://doi.acm.org/10.1145/2488388.2488479},
 doi = {10.1145/2488388.2488479},
 acmid = {2488479},
 publisher = {ACM},
 address = {New York, NY, USA},
 keywords = {collective intelligence, crowdsourcing, robust classifier},
}

@article{Dong:2012:LMS:2535568.2448938,
 author = {Dong, Xin Luna and Saha, Barna and Srivastava, Divesh},
 title = {Less is More: Selecting Sources Wisely for Integration},
 journal = {Proc. VLDB Endow.},
 issue_date = {December 2012},
 volume = {6},
 number = {2},
 month = dec,
 year = {2012},
 issn = {2150-8097},
 pages = {37--48},
 numpages = {12},
 url = {http://dx.doi.org/10.14778/2535568.2448938},
 doi = {10.14778/2535568.2448938},
 acmid = {2448938},
 publisher = {VLDB Endowment},
}

@inproceedings{Leban:2014:ERL:2567948.2577024,
 author = {Leban, Gregor and Fortuna, Blaz and Brank, Janez and Grobelnik, Marko},
 title = {Event Registry: Learning About World Events from News},
 booktitle = {Proceedings of the 23rd International Conference on World Wide Web},
 series = {WWW '14 Companion},
 year = {2014},
 isbn = {978-1-4503-2745-9},
 location = {Seoul, Korea},
 pages = {107--110},
 numpages = {4},
 url = {http://doi.acm.org/10.1145/2567948.2577024},
 doi = {10.1145/2567948.2577024},
 acmid = {2577024},
 publisher = {ACM},
 address = {New York, NY, USA},
 keywords = {clustering, cross-linguality, information extraction, named entity detection, news},
} 

@inproceedings{Gruenheid:2015:SCC:2723372.2735356,
 author = {Gruenheid, Anja and Kossmann, Donald and Rekatsinas, Theodoros and Srivastava, Divesh},
 title = {StoryPivot: Comparing and Contrasting Story Evolution},
 booktitle = {Proceedings of the 2015 ACM SIGMOD International Conference on Management of Data},
 series = {SIGMOD '15},
 year = {2015},
 isbn = {978-1-4503-2758-9},
 location = {Melbourne, Victoria, Australia},
 pages = {1415--1420},
 numpages = {6},
 url = {http://doi.acm.org/10.1145/2723372.2735356},
 doi = {10.1145/2723372.2735356},
 acmid = {2735356},
 publisher = {ACM},
 address = {New York, NY, USA},
 keywords = {event management, event processing, story detection, story evolution},
} 

@INPROCEEDINGS{wong:03,
    author = {Weng-Keen Wong and Andrew Moore and Gregory Cooper and Michael Wagner},
    title = {Bayesian Network Anomaly Pattern Detection for Disease Outbreaks},
    series={ICML},
    year = {2003}
}

@article{Zhao,
    author = {Zhao, Liang AND Chen, Feng AND Dai, Jing AND Hua, Ting AND Lu, Chang-Tien AND Ramakrishnan, Naren},
    journal = {PLoS ONE},
    publisher = {Public Library of Science},
    title = {Unsupervised Spatial Event Detection in Targeted Domains with Applications to Civil Unrest Modeling},
    year = {2014},
    month = {10},
    volume = {9},
    pages = {1-12}
}

@inproceedings{Ramakrishnan:2014:BNE:2623330.2623373,
 author = {Ramakrishnan, Naren and Butler, Patrick and Muthiah, Sathappan and Self, Nathan and Khandpur, Rupinder and Saraf, Parang and Wang, Wei and Cadena, Jose and Vullikanti, Anil and Korkmaz, Gizem et al.},
 title = {{'Beating the News'} with EMBERS: Forecasting Civil Unrest Using Open Source Indicators},
 booktitle = {Proceedings of the 20th ACM SIGKDD International Conference on Knowledge Discovery and Data Mining},
 series = {KDD '14},
 year = {2014},
 isbn = {978-1-4503-2956-9},
 location = {New York, New York, USA},
 pages = {1799--1808},
 numpages = {10}
} 

@article{althouse,
    author = {Althouse, Benjamin M. AND Ng, Yih Yng AND Cummings, Derek A. T.},
    journal = {PLoS Negl Trop Dis},
    publisher = {Public Library of Science},
    title = {Prediction of Dengue Incidence Using Search Query Surveillance},
    year = {2011},
    month = {08},
    volume = {5},
    pages = {1-7},
    number = {8}
}

@INPROCEEDINGS{wong:02,
    author = {Weng-Keen Wong and Andrew Moore and Gregory Cooper and Michael Wagner},
    title = {Rule-Based Anomaly Pattern Detection for Detecting Disease Outbreaks},
    series = {AAAI},
    year = {2002}
 }


@article{brownstein:2008,
    author = {Brownstein, John S. and Freifeld, Clark C. and Reis, Ben Y. and Mandl, Kenneth D.},
    journal = {PLoS Med.},
    number = {7},
    title = {{Surveillance Sans Fronti\`{e}res: Internet-Based Emerging Infectious Disease Intelligence and the HealthMap Project}},
    volume = {5},
    year = {2008}
}

@article{linge:09,
        title = {Internet Surveillance Systems for Early Alerting of Health Threats },
        author = {J P Linge and R Steinberger and T P Weber and R Yangarber and E van der Goot},
        journal = {Eurosurveillance },
        number = 13,
        volume = 14,
        year = 2009
    }

@article{corley:10,
        title = {Text and structural data mining of influenza mentions in web and social media},
        author = {C Corley and D Cook and A Mikler and K Singh},
        journal = {IJERPH},
        number = 2,
        volume = 7,
        year = 2010
    }    
    
    
@article{ginsberg:09,
    author = {Ginsberg, Jeremy and Mohebbi, Matthew H. and Patel, Rajan S. and Brammer, Lynnette and Smolinski, Mark S. and Brilliant, Larry},
    journal = {Nature},
    title = {{Detecting influenza epidemics using search engine query data}},
    volume = {457},
    year = {2009}
}


@inproceedings{culotta:2010,
 author = {Culotta, Aron},
 title = {Towards detecting influenza epidemics by analyzing Twitter messages},
 series = {SOMA},
 year = {2010}
} 


@inproceedings{matsubara:2012,
 author = {Matsubara, Yasuko and Sakurai, Yasushi and Faloutsos, Christos and Iwata, Tomoharu and Yoshikawa, Masatoshi},
 title = {Fast mining and forecasting of complex time-stamped events},
 series = {KDD},
 year = 2012
} 


@ARTICLE{schoelkopf:99,
    author = {Bernhard Schoelkopf and John C. Platt and John Shawe-Taylor and Alex J. Smola and Robert C. Williamson},
    title = {Estimating the Support of a High-Dimensional Distribution},
    journal = {NEURAL COMP},
    year = {1999},
    volume = {13}
}

@article{healthmap, 
    author = {Freifeld, Clark C. and Mandl, Kenneth D. and Reis, Ben Y. and Brownstein, John S.},
    journal = {JAMIA},
    title = {{HealthMap: Global Infectious Disease Monitoring through Automated Classification and Visualization of Internet Media Reports}},
    volume = {15},
    year = {2008}
}

@misc{paho,
 title = {Pan American Health Organization},
 howpublished = {\url{http://www.paho.org/usa/}}
}  

@misc{probmed,
 title = {International Society For Infectious Diseases},
 howpublished = {\url{http://www.promedmail.org/}}
}  

@misc{who,
 title = {World Health Organization},
 howpublished = {\url{http://www.who.int/}}
}  

@paper{paul:11,
	author = {Michael Paul and Mark Dredze},
	title = {You Are What You Tweet: Analyzing Twitter for Public Health},
	conference = {International AAAI Conference on Weblogs and Social Media},
	year = {2011}
}

@inproceedings{parker:13,
 author = {Parker, Jon and Wei, Yifang and Yates, Andrew and Frieder, Ophir and Goharian, Nazli},
 title = {A Framework for Detecting Public Health Trends with Twitter},
 series = {ASONAM},
 year = {2013}
} 

@article{jonsson:10, 
    author = {Jonsson, Colleen B. and Figueiredo, Luiz Tadeu Moraes and Vapalahti, Olli},
    title = {A Global Perspective on Hantavirus Ecology, Epidemiology and Disease},
    journal = {Clinical Microbiology Review},
    number={2},
    volume = {23},    
    year = {2010}    
}


@article{blei:2003,
 author = {Blei, David M. and Ng, Andrew Y. and Jordan, Michael I.},
 title = {Latent Dirichlet Allocation},
 journal = {JMLR},
 volume = {3},
 year = {2003}
} 


@inproceedings{rosen:2004,
 author = {Rosen-Zvi, Michal and Griffiths, Thomas and Steyvers, Mark and Smyth, Padhraic},
 title = {The Author-topic Model for Authors and Documents},
 series = {UAI},
 year = {2004}
} 

@article{arora:2012,
  author    = {Sanjeev Arora and
               Elad Hazan and
               Satyen Kale},
  title     = {The Multiplicative Weights Update Method: a Meta-Algorithm
               and Applications},
  journal   = {Theory of Computing},
  volume    = {8},
  number    = {1},
  year      = {2012}
}

@inproceedings{bigi:2003,
 author = {Bigi, Brigitte},
 title = {Using Kullback-Leibler Distance for Text Categorization},
 series = {ECIR},
 year = {2003}
} 

@INPROCEEDINGS{strehl:2000,
    author = {Alexander Strehl and Er Strehl and Joydeep Ghosh and Raymond Mooney},
    title = {Impact of Similarity Measures on Web-page Clustering},
    booktitle = {WebSearch},
    year = {2000},
    series = {AAAI}
}


@inproceedings{wang:2007,
    author = {Wang, Xianggang and Grimson, Eric},
    booktitle = {Advances in Neural Information Processing Systems},
    title = {Spatial Latent Dirichlet Allocation},
    volume = {20},
    year = {2007}
}

@inproceedings{wang:2006,
 author = {Wang, Xuerui and McCallum, Andrew},
 title = {Topics over Time: A non-Markov Continuous-time Model of Topical Trends},
 series = {KDD},
 year = {2006}
} 

@inproceedings{blei:2006,
 author = {Blei, David M. and Lafferty, John D.},
 title = {Dynamic Topic Models},
 series = {ICML},
 year = {2006}
} 

@inproceedings{ramage:2009,
  title={Labeled LDA: A supervised topic model for credit attribution in multi-labeled corpora},
  author={Ramage, Daniel and Hall, David and Nallapati, Ramesh and Manning, Christopher D},
  series = {EMNLP},
  year={2009}
}

@inproceedings{sadilek:2012,
  author    = {Adam Sadilek and
               Henry A. Kautz and
               Vincent Silenzio},
  title     = {Predicting Disease Transmission from Geo-Tagged Micro-Blog
               Data},
  series = {AAAI},
  year      = {2012}
}

@inproceedings{rider:2013,
 author = {Rider, Andrew K. and Chawla, Nitesh V.},
 title = {An Ensemble Topic Model for Sharing Healthcare Data and Predicting Disease Risk},
 series = {BCB},
 year = {2013}
} 

@article{Wilcoxon45,
    author = {Wilcoxon, Frank},
    journal = {Biometrics Bulletin},
    number = {6},
    publisher = {International Biometric Society},
    title = {{Individual Comparisons by Ranking Methods}},
    volume = {1},
    year = {1945}
}

@article{manevitz:2002,
 author = {Manevitz, Larry M. and Yousef, Malik},
 title = {One-class Svms for Document Classification},
 journal = {JMLR},
 volume = {2},
 year = {2002}
} 

@ARTICLE{steinwart:05,
    author = {Ingo Steinwart and Don Hush and Clint Scovel},
    title = {A classification framework for anomaly detection},
    journal = {JMLR},
    year = {2005},
    volume = {6}
}

@INPROCEEDINGS{heller:03,
    author = {Katherine A. Heller and Krysta M. Svore and Angelos D. Keromytis and Salvatore J. Stolfo},
    title = {One Class Support Vector Machines for Detecting Anomalous Windows Registry Accesses},
    booktitle = {Workshop on Data Mining for Computer Security},
    year = {2003}
}

@article{khan:13,
  author    = {Shehroz S. Khan and
               Michael G. Madden},
  title     = {One-Class Classification: Taxonomy of Study and Review of
               Techniques},
  journal   = {CoRR},
  volume    = {abs/1312.0049},
  year      = {2013}
}

@inproceedings{dong:2012,
 author = {Dong, Xin Luna and Saha, Barna and Srivastava, Divesh},
 title = {Less is more: selecting sources wisely for integration},
 series = {VLDB},
 year = {2013}
} 


@InProceedings{rekatsinas:sdm15,
  author       = "Rekatsinas, Theodoros and Ghosh, Saurav and Mekaru, Sumiko and Nsoesie, Elaine and Brownstein, John and Getoor, Lise and Ramakrishnan, Naren",
  title        = "SourceSeer: Forecasting Rare Disease Outbreaks Using Multiple Data Sources",
  booktitle    = "2015 SIAM International Conference on Data Mining (SDM15)",
  year         = "2015",
  organization = "SIAM",
  note         = "Best Research Paper Award",
}

